@article{mathieu2013fast,
  title={Fast training of convolutional networks through FFTs},
  author={Mathieu, Michael and Henaff, Mikael and LeCun, Yann},
  journal={arXiv preprint arXiv:1312.5851},
     volume =       "",
  year={2013}
}

@inproceedings{lavin2016fast,
  title={Fast algorithms for convolutional neural networks},
  author={Lavin, Andrew and Gray, Scott},
  booktitle={Proceedings of the IEEE Conference on Computer Vision and Pattern Recognition},
  pages={4013--4021},
  year={2016}
}

@article{aydonat2017opencl,
  title={An OpenCL (TM) Deep Learning Accelerator on Arria 10},
  author={Aydonat, Utku and O'Connell, Shane and Capalija, Davor and Ling, Andrew C and Chiu, Gordon R},
  journal={arXiv preprint arXiv:1701.03534},
  year={2017}
}

@article{rastegari2016xnor,
  title={XNOR-Net: ImageNet Classification Using Binary Convolutional Neural Networks},
  author={Rastegari, Mohammad and Ordonez, Vicente and Redmon, Joseph and Farhadi, Ali},
  journal={arXiv preprint arXiv:1603.05279},
     volume =       "",
  year={2016}
}

@inproceedings{courbariaux2015binaryconnect,
  title={Binaryconnect: Training deep neural networks with binary weights during propagations},
  author={Courbariaux, Matthieu and Bengio, Yoshua and David, Jean-Pierre},
  booktitle={Advances in Neural Information Processing Systems},
  pages={3123--3131},
  year={2015}
}

@article{courbariaux2016binarized,
  title={Binarized neural networks: Training deep neural networks with weights and activations constrained to+ 1 or-1},
  author={Courbariaux, Matthieu and Hubara, Itay and Soudry, Daniel and El-Yaniv, Ran and Bengio, Yoshua},
  journal={arXiv preprint arXiv:1602.02830},
  year={2016}
}

@article{krizhevsky2014one,
  title={One weird trick for parallelizing convolutional neural networks},
  author={Krizhevsky, Alex},
  journal={arXiv preprint arXiv:1404.5997},
  year={2014}
}

@inproceedings{awan2017s,
  title={S-Caffe: Co-designing MPI Runtimes and Caffe for Scalable Deep Learning on Modern GPU Clusters},
  author={Awan, Ammar Ahmad and Hamidouche, Khaled and Hashmi, Jahanzeb Maqbool and Panda, Dhabaleswar K},
  booktitle={Proceedings of the 22nd ACM SIGPLAN Symposium on Principles and Practice of Parallel Programming},
  pages={193--205},
  year={2017},
  organization={ACM}
}


@inproceedings{krizhevsky2012imagenet,
  title={Imagenet classification with deep convolutional neural networks},
  author={Krizhevsky, Alex and Sutskever, Ilya and Hinton, Geoffrey E},
  booktitle={Advances in neural information processing systems},
  pages={1097--1105},
  year={2012}
}

@inproceedings{szegedy2015going,
  title={Going deeper with convolutions},
  author={Szegedy, Christian and Liu, Wei and Jia, Yangqing and Sermanet, Pierre and Reed, Scott and Anguelov, Dragomir and Erhan, Dumitru and Vanhoucke, Vincent and Rabinovich, Andrew},
  booktitle={Proceedings of the IEEE conference on computer vision and pattern recognition},
  pages={1--9},
  year={2015}
}


@inproceedings{he2016deep,
  title={Deep residual learning for image recognition},
  author={He, Kaiming and Zhang, Xiangyu and Ren, Shaoqing and Sun, Jian},
  booktitle={Proceedings of the IEEE conference on computer vision and pattern recognition},
  pages={770--778},
  year={2016}
}

@article{DBLP:journals/corr/SimonyanZ14a,
  added-at = {2016-11-19T13:14:27.000+0100},
  author = {Simonyan, Karen and Zisserman, Andrew},
  bibsource = {dblp computer science bibliography, http://dblp.org},
  biburl = {https://www.bibsonomy.org/bibtex/20ee0434e0a70b329d5518f43f1742f7a/albinzehe},
  interhash = {4e6fa56cb7cf99400d5701543ee228de},
  intrahash = {0ee0434e0a70b329d5518f43f1742f7a},
  journal = {CoRR},
  keywords = {cnn ma-zehe neuralnet},
  timestamp = {2016-11-19T13:14:27.000+0100},
  title = {Very Deep Convolutional Networks for Large-Scale Image Recognition},
  url = {http://arxiv.org/abs/1409.1556},
  volume = {abs/1409.1556},
  year = 2014
}


@inproceedings{xiang2016objectnet3d,
  title={ObjectNet3D: A Large Scale Database for 3D Object Recognition},
  author={Xiang, Yu and Kim, Wonhui and Chen, Wei and Ji, Jingwei and Choy, Christopher and Su, Hao and Mottaghi, Roozbeh and Guibas, Leonidas and Savarese, Silvio},
  booktitle={European Conference on Computer Vision},
  pages={160--176},
  year={2016},
   volume =       "",
  organization={Springer}
}

@article{chang2015shapenet,
  added-at = {2016-01-02T00:00:00.000+0100},
  author = {Chang, Angel X. and Funkhouser, Thomas A. and Guibas, Leonidas J. and Hanrahan, Pat and Huang, Qi-Xing and Li, Zimo and Savarese, Silvio and Savva, Manolis and Song, Shuran and Su, Hao and Xiao, Jianxiong and Yi, Li and Yu, Fisher},
  biburl = {https://www.bibsonomy.org/bibtex/2b893dde27856b640920c63b42bb403b1/dblp},
  ee = {http://arxiv.org/abs/1512.03012},
  interhash = {44fc945ba9bb97661d706e2afb0a9c4d},
  intrahash = {b893dde27856b640920c63b42bb403b1},
  journal = {CoRR},
  keywords = {dblp},
  timestamp = {2016-01-05T11:38:05.000+0100},
  title = {ShapeNet: An Information-Rich 3D Model Repository.},
  volume = {abs/1512.03012},
  year = 2015
}

@inproceedings{maturana2015voxnet,
  title={Voxnet: A 3d convolutional neural network for real-time object recognition},
  author={Maturana, Daniel and Scherer, Sebastian},
  booktitle={Intelligent Robots and Systems (IROS), 2015 IEEE/RSJ International Conference on},
  pages={922--928},
  year={2015},
  volume =       "",
  organization={IEEE}
}

@article{ji20133d,
  title={3D convolutional neural networks for human action recognition},
  author={Ji, Shuiwang and Xu, Wei and Yang, Ming and Yu, Kai},
  journal={IEEE transactions on pattern analysis and machine intelligence},
  volume={35},
  number={1},
  pages={221--231},
  year={2013},
  publisher={IEEE}
}

@book{winograd1980arithmetic,
  title={Arithmetic complexity of computations},
  author={Winograd, Shmuel},
  volume={33},
  year={1980},
  publisher={Siam}
}

@article{lin2013network,
  title={Network in network},
  author={Lin, Min and Chen, Qiang and Yan, Shuicheng},
  journal={arXiv preprint arXiv:1312.4400},
  year={2013}
}


@article{journals/corr/IandolaMAHDK16,
  added-at = {2016-03-01T00:00:00.000+0100},
  author = {Iandola, Forrest N. and Moskewicz, Matthew W. and Ashraf, Khalid and Han, Song and Dally, William J. and Keutzer, Kurt},
  biburl = {https://www.bibsonomy.org/bibtex/2e9e5c5e41a63dcbb75dca18f5f63a181/dblp},
  ee = {http://arxiv.org/abs/1602.07360},
  interhash = {2c08c6b7b806745351fa9c97814bbc4a},
  intrahash = {e9e5c5e41a63dcbb75dca18f5f63a181},
  journal = {CoRR},
  keywords = {dblp},
  timestamp = {2016-03-02T11:35:56.000+0100},
  title = {SqueezeNet: AlexNet-level accuracy with 50x fewer parameters and <1MB model size.},
  url = {http://dblp.uni-trier.de/db/journals/corr/corr1602.html#IandolaMAHDK16},
  volume = {abs/1602.07360},
  year = 2016
}

@inproceedings{jia2014caffe,
  title={Caffe: Convolutional architecture for fast feature embedding},
  author={Jia, Yangqing and Shelhamer, Evan and Donahue, Jeff and Karayev, Sergey and Long, Jonathan and Girshick, Ross and Guadarrama, Sergio and Darrell, Trevor},
  booktitle={Proceedings of the 22nd ACM international conference on Multimedia},
  pages={675--678},
  year={2014},
  organization={ACM}
}

@article{DBLP:journals/corr/AbadiABBCCCDDDG16,
  author    = {Mart{\'{\i}}n Abadi and
               Ashish Agarwal and
               Paul Barham and
               Eugene Brevdo and
               Zhifeng Chen and
               Craig Citro and
               Gregory S. Corrado and
               Andy Davis and
               Jeffrey Dean and
               Matthieu Devin and
               Sanjay Ghemawat and
               Ian J. Goodfellow and
               Andrew Harp and
               Geoffrey Irving and
               Michael Isard and
               Yangqing Jia and
               Rafal J{\'{o}}zefowicz and
               Lukasz Kaiser and
               Manjunath Kudlur and
               Josh Levenberg and
               Dan Man{\'{e}} and
               Rajat Monga and
               Sherry Moore and
               Derek Gordon Murray and
               Chris Olah and
               Mike Schuster and
               Jonathon Shlens and
               Benoit Steiner and
               Ilya Sutskever and
               Kunal Talwar and
               Paul A. Tucker and
               Vincent Vanhoucke and
               Vijay Vasudevan and
               Fernanda B. Vi{\'{e}}gas and
               Oriol Vinyals and
               Pete Warden and
               Martin Wattenberg and
               Martin Wicke and
               Yuan Yu and
               Xiaoqiang Zheng},
  title     = {TensorFlow: Large-Scale Machine Learning on Heterogeneous Distributed
               Systems},
  journal   = {CoRR},
  volume    = {abs/1603.04467},
  year      = {2016},
  url       = {http://arxiv.org/abs/1603.04467},
  timestamp = {Wed, 07 Jun 2017 14:40:20 +0200},
  biburl    = {http://dblp.uni-trier.de/rec/bib/journals/corr/AbadiABBCCCDDDG16},
  bibsource = {dblp computer science bibliography, http://dblp.org}
}

@article{DBLP:journals/corr/abs-1211-5590,
  author    = {Fr{\'{e}}d{\'{e}}ric Bastien and
               Pascal Lamblin and
               Razvan Pascanu and
               James Bergstra and
               Ian J. Goodfellow and
               Arnaud Bergeron and
               Nicolas Bouchard and
               David Warde{-}Farley and
               Yoshua Bengio},
  title     = {Theano: new features and speed improvements},
  journal   = {CoRR},
  volume    = {abs/1211.5590},
  year      = {2012},
  url       = {http://arxiv.org/abs/1211.5590},
  timestamp = {Wed, 07 Jun 2017 14:40:20 +0200},
  biburl    = {http://dblp.uni-trier.de/rec/bib/journals/corr/abs-1211-5590},
  bibsource = {dblp computer science bibliography, http://dblp.org}
}

@article{ChenLLLWWXXZZ15,
  author    = {Tianqi Chen and
               Mu Li and
               Yutian Li and
               Min Lin and
               Naiyan Wang and
               Minjie Wang and
               Tianjun Xiao and
               Bing Xu and
               Chiyuan Zhang and
               Zheng Zhang},
  title     = {MXNet: {A} Flexible and Efficient Machine Learning Library for Heterogeneous
               Distributed Systems},
  journal   = {CoRR},
  volume    = {abs/1512.01274},
  year      = {2015},
  url       = {http://arxiv.org/abs/1512.01274},
  timestamp = {Wed, 07 Jun 2017 14:40:48 +0200},
  biburl    = {http://dblp.uni-trier.de/rec/bib/journals/corr/ChenLLLWWXXZZ15},
  bibsource = {dblp computer science bibliography, http://dblp.org}
}

@article{ChetlurWVCTCS14,
  author    = {Sharan Chetlur and
               Cliff Woolley and
               Philippe Vandermersch and
               Jonathan Cohen and
               John Tran and
               Bryan Catanzaro and
               Evan Shelhamer},
  title     = {cuDNN: Efficient Primitives for Deep Learning},
  journal   = {CoRR},
  volume    = {abs/1410.0759},
  year      = {2014},
  url       = {http://arxiv.org/abs/1410.0759},
  timestamp = {Wed, 07 Jun 2017 14:40:09 +0200},
  biburl    = {http://dblp.uni-trier.de/rec/bib/journals/corr/ChetlurWVCTCS14},
  bibsource = {dblp computer science bibliography, http://dblp.org}
}

@inproceedings{coates2013deep,
  title={Deep learning with COTS HPC systems},
  author={Coates, Adam and Huval, Brody and Wang, Tao and Wu, David and Catanzaro, Bryan and Andrew, Ng},
  booktitle={International Conference on Machine Learning},
  pages={1337--1345},
  year={2013}
}s

@inproceedings{zinkevich2010parallelized,
  title={Parallelized stochastic gradient descent},
  author={Zinkevich, Martin and Weimer, Markus and Li, Lihong and Smola, Alex J},
  booktitle={Advances in neural information processing systems},
  pages={2595--2603},
  year={2010}
}

@inproceedings{dean2012large,
  title={Large scale distributed deep networks},
  author={Dean, Jeffrey and Corrado, Greg and Monga, Rajat and Chen, Kai and Devin, Matthieu and Mao, Mark and Senior, Andrew and Tucker, Paul and Yang, Ke and Le, Quoc V and others},
  booktitle={Advances in neural information processing systems},
  pages={1223--1231},
  year={2012}
}


@article{bottou1991stochastic,
  title={Stochastic gradient learning in neural networks},
  author={Bottou, L{\'e}on},
  journal={Proceedings of Neuro-N{\i}mes},
  volume={91},
  number={8},
  year={1991}
}

@article{wang2011mvapich2,
  title={MVAPICH2-GPU: optimized GPU to GPU communication for InfiniBand clusters},
  author={Wang, Hao and Potluri, Sreeram and Luo, Miao and Singh, Ashish Kumar and Sur, Sayantan and Panda, Dhabaleswar K},
  journal={Computer Science-Research and Development},
  volume={26},
  number={3-4},
  pages={257},
  year={2011},
  publisher={Springer}
}

@inproceedings{li2014communication,
  title={Communication efficient distributed machine learning with the parameter server},
  author={Li, Mu and Andersen, David G and Smola, Alexander J and Yu, Kai},
  booktitle={Advances in Neural Information Processing Systems},
  pages={19--27},
  year={2014}
}

































